<?xml version="1.0" encoding="UTF-8"?><record xmlns="http://www.loc.gov/MARC21/slim" xmlns:cinclude="http://apache.org/cocoon/include/1.0" xmlns:zs="http://www.loc.gov/zing/srw/">
  <leader>00545cz  a2200145n  4500</leader>
  <controlfield tag="001">n 2003104268</controlfield>
  <controlfield tag="003">DLC</controlfield>
  <controlfield tag="005">20030508163815.0</controlfield>
  <controlfield tag="008">030508n| acannaabn          |a aaa      </controlfield>
  <datafield tag="010" ind1=" " ind2=" ">
    <subfield code="a">n 2003104268</subfield>
  </datafield>
  <datafield tag="040" ind1=" " ind2=" ">
    <subfield code="a">DLC</subfield>
    <subfield code="b">eng</subfield>
    <subfield code="c">DLC</subfield>
  </datafield>
  <datafield tag="100" ind1="1" ind2=" ">
    <subfield code="a">Malagón B., Carlos</subfield>
  </datafield>
  <datafield tag="400" ind1="1" ind2=" ">
    <subfield code="a">Malagón, C.</subfield>
    <subfield code="q">(Carlos)</subfield>
  </datafield>
  <datafield tag="400" ind1="1" ind2=" ">
    <subfield code="a">Malagón Bolaños, Carlos A.</subfield>
  </datafield>
  <datafield tag="670" ind1=" " ind2=" ">
    <subfield code="a">Henao, Juan Carlos. Defensa judicial de las entidades públicas, 2000:</subfield>
    <subfield code="b">cover (Carlos Malagón B.) spine (C. Malagón) back flap (Carlos A. Malagón Bolaños, abogado de la Univ. de Colombia)</subfield>
  </datafield>
</record>